@article{argonne,

  author = {Torelli, Roberto and Matusik, Katarzyna E. and Nelli, Kyle C. and Kastengren, Alan L. and Fezzaa, Kamel and Powell, Christopher F. and Som, Sibendu and Pei, Yuanjiang and Tzanetakis, Tom and Zhang, Yu and Traver, Michael and Cleary, David J.},
  
  title = {Evaluation of Shot-to-Shot In-Nozzle Flow Variations in a Heavy-Duty Diesel Injector Using Real Nozzle Geometry},

  month={apr},
  year={2018},
  doi={https://doi.org/10.4271/2018-01-0303},
  url={https://doi.org/10.4271/2018-01-0303},
  issn={1946-3952},
}

@article{Deppe_2022,
	doi = {10.1103/physrevd.105.123031},
  
	url = {https://doi.org/10.1103%2Fphysrevd.105.123031},
  
	year = 2022,
	month = {jun},
  
	publisher = {American Physical Society ({APS})},
  
	volume = {105},
  
	number = {12},
  
	author = {Nils Deppe and Fran{\c{c}
}ois H{\'{e}}bert and Lawrence E. Kidder and William Throwe and Isha Anantpurkar and Crist{\'{o}}bal Armaza and Gabriel S. Bonilla and Michael Boyle and Himanshu Chaudhary and Matthew D. Duez and Nils L. Vu and Francois Foucart and Matthew Giesler and Jason S. Guo and Yoonsoo Kim and Prayush Kumar and Isaac Legred and Dongjun Li and Geoffrey Lovelace and Sizheng Ma and Alexandra Macedo and Denyz Melchor and Marlo Morales and Jordan Moxon and Kyle C. Nelli and Eamonn O'Shea and Harald P. Pfeiffer and Teresita Ramirez and Hannes R. RÃ¼ter and Jennifer Sanchez and Mark A. Scheel and Sierra Thomas and Daniel Vieira and Nikolas A. Wittek and Tom Wlodarczyk and Saul A. Teukolsky},
  
	title = {Simulating magnetized neutron stars with discontinuous Galerkin methods},
  
	journal = {Physical Review D}
}

@article{Ruiz_2020,
	doi = {10.1103/physrevd.102.104022},
  
	url = {https://doi.org/10.1103%2Fphysrevd.102.104022},
  
	year = 2020,
	month = {nov},
  
	publisher = {American Physical Society ({APS})},
  
	volume = {102},
  
	number = {10},
  
	author = {Milton Ruiz and Antonios Tsokaros and Stuart L. Shapiro and Kyle C. Nelli and Sam Qunell},
  
	title = {Magnetic ergostars, jet formation, and gamma-ray bursts: Ergoregions versus horizons},
  
	journal = {Physical Review D}
}
